@misc{getdp,
  author =	 "P. Dular and C. Geuzaine",
  title =	 "{GetDP} reference manual: the documentation for
                  {GetDP}, a general environment for the treatment of
                  discrete problems",
  note =	 "\url{http://www.geuz.org/getdp/}",
}

@article{getdp:ieee:98,
  author =	 "P. Dular and C. Geuzaine and F. Henrotte and
                  W. Legros",
  title =	 "A general environment for the treatment of discrete
                  problems and its application to the finite element
                  method",
  journal =	 "IEEE Transactions on Magnetics",
  volume =	 34,
  number =	 5,
  pages =	 "3395--3398",
  month =	 sep,
  year =	 "1998",
}

@inproceedings{getdp:igte:98,
  author =	 "C. Geuzaine and P. Dular and W. Legros",
  title =	 "A General Environment for the Treatment of Discrete
                  Problems and its Application to Coupled Finite
                  Element and Boundary Integral Methods",
  booktitle =	 "Proceedings of the 8th International IGTE Symposium
                  on Numerical Field Calculation in Electrical
                  Engineering",
  address =	 "Graz (Austria)",
  month =	 sep,
  year =	 1998,
}

@article{getdp:ieee:99,
  author =	 "P. Dular and C. Geuzaine and A. Genon and W. Legros",
  title =	 "An evolutive software environment for teaching
                  finite element methods in electromagnetism",
  journal =	 "IEEE Transactions on Magnetics",
  month =	 may,
  year =	 1999,
  volume =	 35,
  number =	 3,
  pages =	 "1682--1685",
}
